% Encoding: UTF-8

@book{bourg2013physics,
	title={Physics for Game Developers: Science, math, and code for realistic effects},
	author={Bourg, David M and Bywalec, Bryan},
	year={2013},
	publisher={" O'Reilly Media, Inc."}
}

@book{ericson2004real,
	title={Real-time collision detection},
	author={Ericson, Christer},
	year={2004},
	publisher={Crc Press}
}

@ARTICLE{Silverman20201569,
	author = {Silverman, Linda K. and Gilman, Barbara J.},
	title = {Best practices in gifted identification and assessment: Lessons from the WISC-V},
	year = {2020},
	journal = {Psychology in the Schools},
	volume = {57},
	number = {10},
	pages = {1569 â€“ 1581},
	doi = {10.1002/pits.22361},
	url = {https://www.scopus.com/inward/record.uri?eid=2-s2.0-85081731626&doi=10.1002%2fpits.22361&partnerID=40&md5=ffbafb24df002a9392e689d0ea555af8},
	type = {Article},
	publication_stage = {Final},
	source = {Scopus},
	note = {Cited by: 14}
}